<record><leader>00000cas a22000007a 4500</leader><controlfield tag="001">16110476</controlfield><controlfield tag="008">870630d18661870iauwr ne      0    0eng d</controlfield><controlfield tag="009">5087</controlfield><datafield ind1=" " ind2=" " tag="010"><subfield code="a">sn 87058420 </subfield></datafield><datafield ind1=" " ind2=" " tag="040"><subfield code="a">INP</subfield><subfield code="b">eng</subfield><subfield code="c">INP</subfield><subfield code="d">OCLCQ</subfield></datafield><datafield ind1=" " ind2=" " tag="042"><subfield code="a">msc</subfield></datafield><datafield ind1="0" ind2="0" tag="245"><subfield code="a">Hildreth's Charles City intelligencer.</subfield></datafield><datafield ind1=" " ind2=" " tag="260"><subfield code="a">Charles City, Floyd County, Iowa :</subfield><subfield code="b">A.B.F. Hildreth,</subfield><subfield code="c">1866-1870.</subfield></datafield><datafield ind1=" " ind2=" " tag="300"><subfield code="a">5 v.</subfield></datafield><datafield ind1=" " ind2=" " tag="310"><subfield code="a">Weekly</subfield></datafield><datafield ind1="0" ind2=" " tag="362"><subfield code="a">Vol. 10, no. 2 (Jan. 11, 1866)-v. 14, no. 39 (Sept. 29, 1870).</subfield></datafield><datafield ind1=" " ind2=" " tag="752"><subfield code="a">United States</subfield><subfield code="b">Iowa</subfield><subfield code="c">Floyd</subfield><subfield code="d">Charles City.</subfield></datafield><datafield ind1="0" ind2="0" tag="780"><subfield code="t">Charles City intelligencer (Charles City, Iowa : 1864)</subfield><subfield code="w">(DLC)sn 84038074</subfield></datafield><datafield ind1="0" ind2="0" tag="785"><subfield code="t">Charles City intelligencer (Charles City, Iowa : 1870)</subfield><subfield code="w">(DLC)sn 84027075</subfield></datafield></record>